@misc{ enwiki:ibm_i,
    author = "{Wikipedia contributors}",
    title = "{IBM i} --- {Wikipedia}{,} The Free Encyclopedia",
    year = "2024",
    howpublished = "\url{https://en.wikipedia.org/w/index.php?title=IBM_i&oldid=1210410964}",
    note = "[Online; accessed 17-April-2024]"
}

@misc{ the_decision_lab:paradox_of_choice,
    author = "{The Decision Lab}",
    title = "{The Paradox of Choice}",
    howpublished = "\url{https://thedecisionlab.com/reference-guide/economics/the-paradox-of-choice}",
    note = "[Online; accessed 17-April-2024]"
}

@misc{ enwiki:likert_scale,
    author = "{Wikipedia contributors}",
    title = "Likert scale --- {Wikipedia}{,} The Free Encyclopedia",
    year = "2024",
    howpublished = "\url{https://en.wikipedia.org/w/index.php?title=Likert_scale&oldid=1212329755}",
    note = "[Online; accessed 22-April-2024]"
  }